<?xml version="1.0" encoding="UTF-8"?><collection xmlns="http://www.loc.gov/MARC21/slim"><record><leader>00590nam--2200205-u-4500</leader><controlfield tag="001">000053232</controlfield><controlfield tag="002">20161230</controlfield><controlfield tag="005">20161230201051</controlfield><controlfield tag="008">110113s1000------------r-----000-0-eng-d</controlfield><datafield ind1=" " ind2=" " tag="020"><subfield code="a">3540438831</subfield></datafield><datafield ind1=" " ind2=" " tag="040"><subfield code="a">IFIN-HH</subfield></datafield><datafield ind1=" " ind2=" " tag="080"><subfield code="a">539.2</subfield></datafield><datafield ind1="1" ind2=" " tag="100"><subfield code="a">Bennemann, K.H</subfield></datafield><datafield ind1="1" ind2="0" tag="245"><subfield code="a">The physics of superconductors</subfield><subfield code="b">VOL. I. CONVENTIONAL AND HIGH-Tc SUPERCONDUCTORS</subfield><subfield code="c">K.H. BENNEMANN; J.B. KETTERSON (Eds.)</subfield></datafield><datafield ind1=" " ind2=" " tag="260"><subfield code="a">Berlin</subfield><subfield code="b">Springer-verlag</subfield><subfield code="c">2003</subfield></datafield><datafield ind1=" " ind2=" " tag="300"><subfield code="a">966P</subfield></datafield><datafield ind1=" " ind2="4" tag="650"><subfield code="a">Superconductors</subfield></datafield><datafield ind1="1" ind2=" " tag="700"><subfield code="a">Ketterson, J.B</subfield><subfield code="e">Ed</subfield></datafield><datafield ind1=" " ind2=" " tag="852"><subfield code="a">81410</subfield><subfield code="c">539.2</subfield></datafield><datafield ind1=" " ind2=" " tag="CAT"><subfield code="a">Sys</subfield><subfield code="c">20110113</subfield><subfield code="h">083522</subfield></datafield></record></collection>